
@article{grossekatthofer2012introduction,
  title = {Introduction into Quaternions for Spacecraft Attitude Representation},
  author = {Gro{\ss}ekatth{\"o}fer, Karsten and Yoon, Zizung},
  year = {2012},
  journal = {TU Berlin},
  volume = {16},
  file = {/Users/oli/Dropbox/Apps/Zotero/Rotational Regression/2012_Großekatthöfer_Yoon_Introduction into quaternions for spacecraft attitude representation/Großekatthöfer and Yoon - 2012 - Introduction into quaternions for spacecraft attit.pdf}
}

